<record><leader>00000cas a22000007a 4500</leader><controlfield tag="001">19463843</controlfield><controlfield tag="008">890327d190519uumouwr ne      0    0eng d</controlfield><datafield ind1=" " ind2=" " tag="010"><subfield code="a">sn 89066087 </subfield></datafield><datafield ind1=" " ind2=" " tag="040"><subfield code="a">MQN</subfield><subfield code="b">eng</subfield><subfield code="c">MQN</subfield><subfield code="d">OCLCQ</subfield></datafield><datafield ind1=" " ind2=" " tag="042"><subfield code="a">msc</subfield></datafield><datafield ind1="0" ind2="4" tag="245"><subfield code="a">The Branson echo.</subfield></datafield><datafield ind1=" " ind2=" " tag="260"><subfield code="a">Branson, Mo. :</subfield><subfield code="b">Frank A. Forbes</subfield></datafield><datafield ind1=" " ind2=" " tag="300"><subfield code="a">v.</subfield></datafield><datafield ind1=" " ind2=" " tag="310"><subfield code="a">Weekly</subfield></datafield><datafield ind1="0" ind2=" " tag="362"><subfield code="a">Vol. 1, no. 1 (Nov. 17, 1905)-</subfield></datafield><datafield ind1=" " ind2="4" tag="651"><subfield code="a">Branson (Mo.)</subfield><subfield code="v">Newspapers.</subfield></datafield><datafield ind1=" " ind2=" " tag="752"><subfield code="a">United States</subfield><subfield code="b">Missouri</subfield><subfield code="c">Taney</subfield><subfield code="d">Branson.</subfield></datafield></record>